<record><leader>00000cas a2200000 a 4500</leader><controlfield tag="001">11523364</controlfield><controlfield tag="008">841221d18uu1897nyudn ne      0    0eng c</controlfield><datafield ind1=" " ind2=" " tag="010"><subfield code="a">sn 84035007 </subfield></datafield><datafield ind1=" " ind2=" " tag="040"><subfield code="a">NYG</subfield><subfield code="b">eng</subfield><subfield code="c">NYG</subfield><subfield code="d">NYS</subfield><subfield code="d">OCL</subfield><subfield code="d">OCLCQ</subfield><subfield code="d">NYS</subfield><subfield code="d">OCLCQ</subfield><subfield code="d">OCLCF</subfield><subfield code="d">OCLCO</subfield></datafield><datafield ind1="1" ind2=" " tag="029"><subfield code="a">AU@</subfield><subfield code="b">000020232640</subfield></datafield><datafield ind1=" " ind2=" " tag="042"><subfield code="a">pcc</subfield></datafield><datafield ind1=" " ind2=" " tag="043"><subfield code="a">n-us-ny</subfield></datafield><datafield ind1="0" ind2="0" tag="245"><subfield code="a">Long Island City daily star.</subfield></datafield><datafield ind1="1" ind2="3" tag="246"><subfield code="a">Daily star</subfield></datafield><datafield ind1="1" ind2="3" tag="246"><subfield code="a">Daily Long Island City star</subfield></datafield><datafield ind1="3" ind2="0" tag="246"><subfield code="a">Star</subfield></datafield><datafield ind1=" " ind2=" " tag="260"><subfield code="a">Long Island City, N.Y. :</subfield><subfield code="b">T.H. Todd</subfield></datafield><datafield ind1=" " ind2=" " tag="300"><subfield code="a">v.</subfield></datafield><datafield ind1=" " ind2=" " tag="310"><subfield code="a">Daily (except Sunday)</subfield></datafield><datafield ind1="0" ind2=" " tag="362"><subfield code="a">-v. 22 (June 30,1897).</subfield></datafield><datafield ind1=" " ind2=" " tag="580"><subfield code="a">Daily ed. for Brooklyn: Greenpoint daily star &lt;1881-1893&gt;.</subfield></datafield><datafield ind1=" " ind2=" " tag="580"><subfield code="a">Weekly eds.: Long Island weekly star, &lt;1876-&gt;, and: Greenpoint weekly star &lt;1894-&gt;.</subfield></datafield><datafield ind1=" " ind2=" " tag="580"><subfield code="a">Merged with: Greenpoint daily star, to form: Daily star (Brooklyn, N.Y.).</subfield></datafield><datafield ind1=" " ind2=" " tag="588"><subfield code="a">Description based on: Vol. 6, no. 1,627 (July 1, 1881).</subfield></datafield><datafield ind1=" " ind2="0" tag="651"><subfield code="a">Long Island City (New York, N.Y.)</subfield><subfield code="v">Newspapers.</subfield></datafield><datafield ind1=" " ind2="0" tag="651"><subfield code="a">Queens (New York, N.Y.)</subfield><subfield code="v">Newspapers.</subfield></datafield><datafield ind1=" " ind2="0" tag="651"><subfield code="a">Queens County (N.Y.)</subfield><subfield code="v">Newspapers.</subfield></datafield><datafield ind1=" " ind2="0" tag="651"><subfield code="a">New York (N.Y.)</subfield><subfield code="v">Newspapers.</subfield></datafield><datafield ind1=" " ind2="7" tag="655"><subfield code="a">Newspapers.</subfield><subfield code="2">fast</subfield><subfield code="0">(OCoLC)fst01423814</subfield></datafield><datafield ind1=" " ind2="7" tag="651"><subfield code="a">New York (State)</subfield><subfield code="z">New York.</subfield><subfield code="2">fast</subfield><subfield code="0">(OCoLC)fst01204333</subfield></datafield><datafield ind1=" " ind2="7" tag="651"><subfield code="a">New York (State)</subfield><subfield code="z">New York</subfield><subfield code="z">Long Island City.</subfield><subfield code="2">fast</subfield><subfield code="0">(OCoLC)fst01315587</subfield></datafield><datafield ind1=" " ind2="7" tag="651"><subfield code="a">New York (State)</subfield><subfield code="z">New York</subfield><subfield code="z">Queens.</subfield><subfield code="2">fast</subfield><subfield code="0">(OCoLC)fst01313007</subfield></datafield><datafield ind1=" " ind2="7" tag="651"><subfield code="a">New York (State)</subfield><subfield code="z">Queens County.</subfield><subfield code="2">fast</subfield><subfield code="0">(OCoLC)fst01246810</subfield></datafield><datafield ind1=" " ind2=" " tag="752"><subfield code="a">United States</subfield><subfield code="b">New York</subfield><subfield code="c">Queens</subfield><subfield code="d">Long Island City.</subfield></datafield><datafield ind1=" " ind2=" " tag="752"><subfield code="a">United States</subfield><subfield code="b">New York</subfield><subfield code="d">New York.</subfield></datafield><datafield ind1="1" ind2=" " tag="775"><subfield code="t">Greenpoint daily star</subfield><subfield code="w">(DLC)sn 84035008</subfield><subfield code="w">(OCoLC)11523385</subfield></datafield><datafield ind1="1" ind2=" " tag="775"><subfield code="t">Long Island weekly star</subfield><subfield code="w">(DLC)sn 84027442</subfield><subfield code="w">(OCoLC)11117694</subfield></datafield><datafield ind1="1" ind2=" " tag="775"><subfield code="t">Greenpoint weekly star</subfield><subfield code="w">(DLC)sn 89071127</subfield><subfield code="w">(OCoLC)19452929</subfield></datafield><datafield ind1="0" ind2="1" tag="780"><subfield code="t">Daily star (Long Island City (New York, N.Y.))</subfield><subfield code="w">(OCoLC)33057468</subfield></datafield><datafield ind1="1" ind2="7" tag="785"><subfield code="t">Daily star (Brooklyn, N.Y.)</subfield><subfield code="w">(DLC)sn 84027443</subfield><subfield code="w">(OCoLC)11121552</subfield></datafield></record>